<record><leader>00000cas a2200000 a 4500</leader><controlfield tag="001">12268233</controlfield><controlfield tag="008">850716d18831920ksuwr ne      0    0eng d</controlfield><datafield ind1=" " ind2=" " tag="010"><subfield code="a">sn 85029455 </subfield></datafield><datafield ind1=" " ind2=" " tag="040"><subfield code="a">KSH</subfield><subfield code="b">eng</subfield><subfield code="c">KSH</subfield><subfield code="d">NPT</subfield><subfield code="d">OCL</subfield><subfield code="d">OCLCQ</subfield></datafield><datafield ind1=" " ind2=" " tag="042"><subfield code="a">msc</subfield></datafield><datafield ind1="0" ind2="0" tag="245"><subfield code="a">Osborne County news.</subfield></datafield><datafield ind1=" " ind2=" " tag="260"><subfield code="a">Osborne, Kan. :</subfield><subfield code="b">Charles H. Topliff,</subfield><subfield code="c">-1920.</subfield></datafield><datafield ind1=" " ind2=" " tag="300"><subfield code="a">v. :</subfield><subfield code="b">ill. ;</subfield><subfield code="c">50-65 cm.</subfield></datafield><datafield ind1=" " ind2=" " tag="310"><subfield code="a">Weekly</subfield></datafield><datafield ind1="0" ind2=" " tag="362"><subfield code="a">-v. 39, no. 5 (Apr. 8, 1920).</subfield></datafield><datafield ind1="1" ind2=" " tag="362"><subfield code="a">Began with May 11, 1883 issue?</subfield></datafield><datafield ind1=" " ind2=" " tag="500"><subfield code="a">Publisher varies.</subfield></datafield><datafield ind1=" " ind2=" " tag="588"><subfield code="a">Description based on: Vol. 1, no. 2 (May 18, 1883).</subfield></datafield><datafield ind1=" " ind2=" " tag="752"><subfield code="a">United States</subfield><subfield code="b">Kansas</subfield><subfield code="c">Osborne</subfield><subfield code="d">Osborne.</subfield></datafield><datafield ind1="0" ind2="5" tag="780"><subfield code="t">Osborne evening news (Osborne, Kan. : 1911)</subfield><subfield code="g">Jan. 30, 1915</subfield><subfield code="w">(DLC)sn 85029449</subfield></datafield><datafield ind1="0" ind2="4" tag="785"><subfield code="t">Osborne County farmer (Osborne, Kan. : 1876)</subfield><subfield code="w">(DLC)sn 85029454</subfield></datafield></record>